@article{cohenEffectsEffectsConstructivism2019,
  title = {The {{Effects}} of {{Effects}} on {{Constructivism}}},
  author = {Cohen, Liron and Abreu Faro, Sofia and Tate, Ross},
  date = {2019-11},
  journaltitle = {Electronic Notes in Theoretical Computer Science},
  shortjournal = {Electronic Notes in Theoretical Computer Science},
  volume = {347},
  pages = {87--120},
  issn = {15710661},
  doi = {10.1016/j.entcs.2019.09.006},
  langid = {english}
}

@inproceedings{cohenEvidencedFramesUnifying2021,
  title = {Evidenced {{Frames}}: {{A Unifying Framework Broadening Realizability Models}}},
  shorttitle = {Evidenced {{Frames}}},
  booktitle = {2021 36th {{Annual ACM}}/{{IEEE Symposium}} on {{Logic}} in {{Computer Science}} ({{LICS}})},
  author = {Cohen, Liron and Miquey, Ã‰tienne and Tate, Ross},
  date = {2021-06},
  pages = {1--13},
  doi = {10.1109/LICS52264.2021.9470514}
}

@inproceedings{cohenSeparatingMarkovsPrinciples2024,
  TITLE = {{Separating Markov's Principles}},
  AUTHOR = {Cohen, Liron and Forster, Yannick and Kirst, Dominik and da Rocha Paiva, Bruno and Rahli, Vincent},
  URL = {https://inria.hal.science/hal-04584831},
  BOOKTITLE = {{39th Annual ACM/IEEE Symposium on Logic in Computer Science (LICS '24)}},
  ADDRESS = {Talinn, Estonia},
  YEAR = {2024},
  MONTH = Jul,
  DOI = {10.1145/3661814.3662104},
  PDF = {https://inria.hal.science/hal-04584831v1/file/cohen-forster-kirst-paiva-rahli-separating-markovs-principles-lics24.pdf},
  HAL_ID = {hal-04584831},
  HAL_VERSION = {v1},
}

@article{kleeneInterpretationIntuitionisticNumber1945,
  title = {On the Interpretation of Intuitionistic Number Theory},
  author = {Kleene, S. C.},
  year = {1945},
  month = dec,
  journal = {Journal of Symbolic Logic},
  volume = {10},
  number = {4},
  pages = {109--124},
  issn = {0022-4812, 1943-5886},
  doi = {10.2307/2269016},
  urldate = {2024-10-21},
  copyright = {https://www.cambridge.org/core/terms},
  langid = {english}
}

@article{kreiselWeakCompletenessIntuitionistic1962,
  title = {On Weak Completeness of Intuitionistic Predicate Logic},
  author = {Kreisel, G.},
  year = {1962},
  month = jun,
  journal = {Journal of Symbolic Logic},
  volume = {27},
  number = {2},
  pages = {139--158},
  issn = {0022-4812, 1943-5886},
  doi = {10.2307/2964110},
  urldate = {2023-06-06},
  langid = {english}
}

@misc{KleeneStephenCole1965Tfoi,
series = {Studies in logic and the foundations of mathematics},
publisher = {North-Holland},
year = {1965},
title = {The foundations of intuitionistic mathematics : especially in relation to recursive functions / Stephen Cole Kleene, Richard Eugene Vesley.},
language = {eng},
address = {Amsterdam},
author = {Kleene, Stephen Cole},
keywords = {Intuitionistic mathematics; Logic Symbolic and mathematical; Recursive functions},
}

@book{oostenRealizabilityIntroductionIts2008,
  title = {Realizability: An Introduction to Its Categorical Side},
  shorttitle = {Realizability},
  author = {van Oosten, Jaap},
  year = {2008},
  series = {Studies in Logic and the Foundations of Mathematics},
  edition = {1st ed},
  number = {152},
  publisher = {Elsevier},
  address = {Oxford},
  isbn = {978-0-444-51584-1},
  lccn = {QA9.7 .O75 2008},
  annotation = {OCLC: ocn180470932}
}

@article{krivineTypedLambdacalculusClassical2001,
  title = {Typed Lambda-Calculus in Classical {{Zermelo-Fr{\ae}nkel}} Set Theory},
  author = {Krivine, Jean-Louis},
  year = {2001},
  month = apr,
  journal = {Archive for Mathematical Logic},
  volume = {40},
  number = {3},
  pages = {189--205},
  issn = {0933-5846, 1432-0665},
  doi = {10.1007/s001530000057},
  urldate = {2024-11-06},
  copyright = {http://www.springer.com/tdm}
}
@article{krivineDependentChoiceQuote2003,
  title = {Dependent Choice, `Quote' and the Clock},
  author = {Krivine, Jean-Louis},
  year = {2003},
  month = nov,
  journal = {Theoretical Computer Science},
  volume = {308},
  number = {1-3},
  pages = {259--276},
  issn = {03043975},
  doi = {10.1016/S0304-3975(02)00776-4},
  urldate = {2024-11-06},
  copyright = {https://www.elsevier.com/tdm/userlicense/1.0/},
  langid = {english}
}
@article{krivine:hal-00154500,
  TITLE = {{Realizability in classical logic}},
  AUTHOR = {Krivine, Jean-Louis},
  URL = {https://hal.science/hal-00154500},
  JOURNAL = {{Panoramas et synth{\`e}ses}},
  VOLUME = {27},
  PAGES = {197-229},
  YEAR = {2009},
  KEYWORDS = {lambda-calculus ; proof-program correspondence},
  PDF = {https://hal.science/hal-00154500v1/file/Luminy04.pdf},
  HAL_ID = {hal-00154500},
  HAL_VERSION = {v1},
}
