@inproceedings{bickfordComputabilityChurchTuringChoice2018,
  title = {Computability {{Beyond Church-Turing}} via {{Choice Sequences}}},
  booktitle = {Proceedings of the 33rd {{Annual ACM}}/{{IEEE Symposium}} on {{Logic}} in {{Computer Science}}},
  author = {Bickford, Mark and Cohen, Liron and Constable, Robert L. and Rahli, Vincent},
  date = {2018-07-09},
  series = {{{LICS}} '18},
  pages = {245--254},
  publisher = {Association for Computing Machinery},
  location = {New York, NY, USA},
  doi = {10.1145/3209108.3209200},
  isbn = {978-1-4503-5583-4}
}

@inproceedings{bickfordOpenBarBrouwerian2021,
  title = {Open {{Bar}} - a {{Brouwerian Intuitionistic Logic}} with a {{Pinch}} of {{Excluded Middle}}},
  booktitle = {29th {{EACSL Annual Conference}} on {{Computer Science Logic}} ({{CSL}} 2021)},
  author = {Bickford, Mark and Cohen, Liron and Constable, Robert L. and Rahli, Vincent},
  date = {2021},
  series = {Leibniz {{International Proceedings}} in {{Informatics}} ({{LIPIcs}})},
  volume = {183},
  pages = {11:1--11:23},
  publisher = {Schloss Dagstuhl–Leibniz-Zentrum für Informatik},
  location = {Dagstuhl, Germany},
  doi = {10.4230/LIPIcs.CSL.2021.11},
  isbn = {978-3-95977-175-7}
}

@inproceedings{cohenConstructingUnprejudicedExtensional2022,
  title = {Constructing {{Unprejudiced Extensional Type Theories}} with {{Choices}} via {{Modalities}}},
  booktitle = {7th {{International Conference}} on {{Formal Structures}} for {{Computation}} and {{Deduction}} ({{FSCD}} 2022)},
  author = {Cohen, Liron and Rahli, Vincent},
  date = {2022},
  series = {Leibniz {{International Proceedings}} in {{Informatics}} ({{LIPIcs}})},
  volume = {228},
  pages = {10:1--10:23},
  publisher = {Schloss Dagstuhl – Leibniz-Zentrum für Informatik},
  location = {Dagstuhl, Germany},
  issn = {1868-8969},
  doi = {10.4230/LIPIcs.FSCD.2022.10},
  isbn = {978-3-95977-233-4}
}

@inproceedings{cohenInductiveContinuityBrouwer2023,
  title = {Inductive {{Continuity}} via {{Brouwer Trees}}},
  booktitle = {48th {{International Symposium}} on {{Mathematical Foundations}} of {{Computer Science}} ({{MFCS}} 2023)},
  author = {Cohen, Liron and da Rocha Paiva, Bruno and Rahli, Vincent and Tosun, Ayberk},
  options = {useprefix=true},
  date = {2023},
  series = {Leibniz {{International Proceedings}} in {{Informatics}} ({{LIPIcs}})},
  volume = {272},
  pages = {37:1--37:16},
  publisher = {Schloss Dagstuhl – Leibniz-Zentrum für Informatik},
  location = {Dagstuhl, Germany},
  issn = {1868-8969},
  doi = {10.4230/LIPIcs.MFCS.2023.37},
  isbn = {978-3-95977-292-1}
}

@inproceedings{cohenRealizingContinuityUsing2023,
  title = {Realizing Continuity Using Stateful Computations},
  booktitle = {31st {{EACSL}} Annual Conference on Computer Science Logic ({{CSL}} 2023)},
  author = {Cohen, Liron and Rahli, Vincent},
  date = {2023},
  series = {Leibniz International Proceedings in Informatics ({{LIPIcs}})},
  volume = {252},
  pages = {15:1--15:18},
  publisher = {Schloss Dagstuhl – Leibniz-Zentrum für Informatik},
  location = {Dagstuhl, Germany},
  issn = {1868-8969},
  doi = {10.4230/LIPIcs.CSL.2023.15},
  isbn = {978-3-95977-264-8},
  urn = {urn:nbn:de:0030-drops-174761}
}

@inproceedings{cohenSeparatingMarkovsPrinciples2024,
  title = {Separating {{Markov}}'s {{Principles}}},
  booktitle = {Proceedings of the 39th {{Annual ACM}}/{{IEEE Symposium}} on {{Logic}} in {{Computer Science}}},
  author = {Cohen, Liron and Forster, Yannick and Kirst, Dominik and Da Rocha Paiva, Bruno and Rahli, Vincent},
  date = {2024-07-08},
  pages = {1--14},
  publisher = {ACM},
  location = {Tallinn Estonia},
  doi = {10.1145/3661814.3662104},
  isbn = {9798400706608},
  langid = {english}
}

@incollection{coquandComputationalInterpretationForcing2012,
  title = {A {{Computational Interpretation}} of {{Forcing}} in {{Type Theory}}},
  booktitle = {Epistemology versus {{Ontology}}},
  author = {Coquand, Thierry and Jaber, Guilhem},
  date = {2012},
  pages = {203--213},
  publisher = {Springer Netherlands},
  location = {Dordrecht},
  doi = {10.1007/978-94-007-4435-6_10},
  isbn = {978-94-007-4434-9 978-94-007-4435-6},
  langid = {english}
}

@online{coquandIndependenceMarkovsPrinciple2017,
  title = {The {{Independence}} of {{Markov}}'s {{Principle}} in {{Type Theory}}},
  author = {Coquand, Thierry and Mannaa, Bassel},
  date = {2017-08-14},
  eprint = {1602.04530},
  eprinttype = {arXiv},
  eprintclass = {cs},
  doi = {10.23638/LMCS-13(3:10)2017},
  pubstate = {prepublished}
}

@article{faberEffectiveOperationsType2016,
  title = {Effective Operations of Type 2 in {{PCAs}}},
  author = {Faber, Eric and Van Oosten, Jaap},
  date = {2016-05-17},
  journaltitle = {Computability},
  shortjournal = {COM},
  volume = {5},
  number = {2},
  pages = {127--146},
  issn = {22113576, 22113568},
  doi = {10.3233/COM-150048}
}

@inproceedings{forsterMarkovsPrinciplesConstructive,
  title = {Markov’s {{Principles}} in {{Constructive Type Theory}}},
  author = {Forster, Yannick and Kirst, Dominik and da Rocha Paiva, Bruno and Rahli, Vincent},
  options = {useprefix=true},
  location = {Valencia, Spain}
}

@book{kleeneFoundationsIntuitionisticMathematics1965,
  title = {The Foundations of Intuitionistic Mathematics: Especially in Relation to Recursive Functions / {{Stephen Cole Kleene}}, {{Richard Eugene Vesley}}.},
  shorttitle = {The Foundations of Intuitionistic Mathematics},
  author = {Kleene, Stephen Cole},
  namea = {Vesley, Richard Eugene},
  nameatype = {collaborator},
  date = {1965},
  series = {Studies in Logic and the Foundations of Mathematics},
  publisher = {North-Holland},
  location = {Amsterdam},
  langid = {english},
  pagetotal = {viii+206}
}

@article{kreiselFormalSystemsBranches1970,
  title = {Formal Systems for Some Branches of Intuitionistic Analysis},
  author = {Kreisel, G. and Troelstra, A.S.},
  date = {1970},
  journaltitle = {Annals of Mathematical Logic},
  shortjournal = {Annals of Mathematical Logic},
  volume = {1},
  number = {3},
  pages = {229--387},
  issn = {00034843},
  doi = {10.1016/0003-4843(70)90001-X},
  langid = {english}
}

@article{rahliValidatingBrouwersContinuity2018,
  title = {Validating {{Brouwer}}'s Continuity Principle for Numbers Using Named Exceptions},
  author = {Rahli, Vincent and Bickford, Mark},
  date = {2018-06},
  journaltitle = {Mathematical Structures in Computer Science},
  volume = {28},
  number = {6},
  pages = {942--990},
  issn = {0960-1295, 1469-8072},
  doi = {10.1017/S0960129517000172},
  langid = {english}
}

@article{sterlingHigherOrderFunctions2021,
  title = {Higher Order Functions and {{Brouwer}}’s Thesis},
  author = {Sterling, Jonathan},
  date = {2021},
  journaltitle = {Journal of Functional Programming},
  shortjournal = {J. Funct. Prog.},
  volume = {31},
  pages = {30},
  issn = {0956-7968, 1469-7653},
  doi = {10.1017/S0956796821000095},
  langid = {english}
}

@article{vanoostenSemanticalProofJonghs1991,
  title = {A Semantical Proof of {{De Jongh}}'s Theorem},
  author = {van Oosten, Jaap},
  options = {useprefix=true},
  date = {1991-03-01},
  journaltitle = {Archive for Mathematical Logic},
  shortjournal = {Archive for Mathematical Logic},
  volume = {31},
  number = {2},
  pages = {105--114},
  issn = {1432-0665},
  doi = {10.1007/BF01387763}
}
